
@DocuShare{SQR-011,
  author = { Jonathan Sick and Frossie Economou },
   title = "{LSST Data Management Communication and Publication Platforms}",
    year = 2016,
   month = mar,
  handle = {SQR-011},
     url = {https://sqr-011.lsst.io},
}

@DocuShare{RTN-001,
  author = { William O'Mullane },
   title = "{Data Preview 0: Definition and planning.}",
    year = 2020,
   month = aug,
  handle = {RTN-001},
     url = {https://rtn-001.lsst.io},
}